@inproceedings{shapkin:2015,
	author = {Shapkin, Pavel and Marenkov, Alexander and Shumsky, Leonid and Roslovtsev, Vladimir and Wolfengagen, Viacheslav},
	title = {Towards the Automated Business Process Building by Means of Type Theory},
	booktitle = {Proceedings of the 7th International Conference on Subject-Oriented Business Process Management},
	series = {S-BPM ONE '15},
	year = {2015},
	isbn = {978-1-4503-3312-2},
	location = {Kiel, Germany},
	pages = {7:1--7:8},
	url = {http://doi.acm.org/10.1145/2723839.2723847},
	doi = {10.1145/2723839.2723847},
	publisher = {ACM},
	address = {New York, NY, USA},
	keywords = {business process management, business process modelling, business process semantics, business-goal, business-process, type theory},
} 

@inproceedings{koehler:2008,
    author = {Koehler, Jana and Gschwind, Thomas and Küster, Jochen and
		Zimmermann, Olaf},
    title = {Towards a Compiler for Business-IT Systems - A Vision Statement
       Complemented with a Research Agenda},
    series = {Software Engineering Techniques - Third IFIP TC 2 Central and East
        European Conference},
    year = {2008},
    month = {January},
    location = {Brno, Czech Republic},
    publisher = {Springer},
}

@inproceedings{fleischmann:2013,
	author = {Fleischmann, Albert and Kannengiesser, Udo and Schmidt, Werner and Stary, Christian},
	title = {Subject-Oriented Modeling and Execution of Multi-agent Business Processes},
	booktitle = {Proceedings of the 2013 IEEE/WIC/ACM International Joint Conferences on Web Intelligence (WI) and Intelligent Agent Technologies (IAT) - Volume 02},
	series = {WI-IAT '13},
	year = {2013},
	isbn = {978-0-7695-5145-6},
	pages = {138--145},
	url = {http://dx.doi.org/10.1109/WI-IAT.2013.102},
	doi = {10.1109/WI-IAT.2013.102},
	publisher = {IEEE Computer Society},
	address = {Washington, DC, USA},
	keywords = {Agent-based Business Process Management, Subject-oriented Business Process Management (S-BPM), Multi-Agent Systems},
} 

@inproceedings{singer:2015,
	author = {Singer, Robert},
	title = {Business Process Management in Small- and Medium-sized Enterprises: An Empirical Study},
	booktitle = {Proceedings of the 7th International Conference on Subject-Oriented Business Process Management},
	series = {S-BPM ONE '15},
	year = {2015},
	isbn = {978-1-4503-3312-2},
	location = {Kiel, Germany},
	pages = {9:1--9:8},
	url = {http://doi.acm.org/10.1145/2723839.2723849},
	doi = {10.1145/2723839.2723849},
	publisher = {ACM},
	address = {New York, NY, USA},
	keywords = {BPM, SME, business process management, empirical study, maturity},
}

@inproceedings{olbrich:2010,
	author    = {Olbrich, Thomas, J. },
	title     = {Why We Need to Re-think Current {BPM} Research Issues},
	booktitle = {Subject-Oriented Business Process Management - Second
		International
			Conference, {S-BPM} {ONE} 2010,
		Karlsruhe, Germany, October 14, 2010.
			Selected Papers},
	pages     = {209--215},
	year      = {2010},
	crossref  = {DBLP:conf/s-bpm-one/2010},
	url       =
	{http://dx.doi.org/10.1007/978-3-642-23135-3_12},
	doi       = {10.1007/978-3-642-23135-3_12},
}

@inproceedings{singer:2016,
    author = {Singer, Robert},
    title = {Agent-Based Business Process Modeling and Execution: Steps
       Towards a Compiler-Virtual Machine Architecture},
    booktitle = {Proceedings of the 8th International Conference on
       Subject-oriented Business Process Management},
    series = {S-BPM '16},
    year = {2016},
    isbn = {978-1-4503-4071-7},
    location = {Erlangen, Germany},
    pages = {8:1--8:10},
    url = {http://doi.acm.org/10.1145/2882879.2882880},
    doi = {10.1145/2882879.2882880},
    publisher = {ACM},
    address = {New York, NY, USA},
    keywords = {BPM, Compiler, Metaprogramming, Virtual
       Machine},
} 

@Inbook{prinz:2014,
    author =  {Prinz, Thomas and Spieß, Norbert and Amme, Wolfram},
    editor =  {Cohen, Albert},
    title = {A First Step towards a Compiler for Business Processes},
    bookTitle = {Compiler Construction: 23rd International Conference, CC 2014, Held as Part of the European Joint Conferences on Theory and Practice of Software, ETAPS 2014, Grenoble, France, April 5-13, 2014. Proceedings},
    year = {2014},
    publisher = {Springer Berlin Heidelberg},
    address = {Berlin, Heidelberg},
    pages = {238--243},
    abstract = {The verification of business processes is crucial since an erroneous execution causes high costs and damages the reputation of the providing company. The first step towards correct business processes is the verification of structural correctness, i.e., the absence of deadlocks and lack of synchronization.},
    isbn = {978-3-642-54807-9},
    doi = {10.1007/978-3-642-54807-9_14},
    url = {http://dx.doi.org/10.1007/978-3-642-54807-9_14}
}

@Inproceedings{prinz:2015,
    author = {Prinz, Thomas M.},
    title = {Proposals for a Virtual Machine for Business Processes},
    bookTitle = {Proceedings of the 7th Central European Workshop on Services and
        their Composition} ,
    year = {2015},
    publisher = {CEUR Workshop Proceedings},
    address = {Jena, Germany},
    pages = "238--243",
    url = {http://ceur-ws.org/Vol-1360/paper2.pdf}
}

@Book{juric:2015elixir,
	author = {Juric, Sasa},
	title = {Elixir in action},
	publisher = {Manning Publications},
	year = {2015},
	address = {Shelter Island, NY},
	isbn = {9781617292019}
}

@Book{grundlagen,
    author = {Herold, Helmut and Lurz, Bruno and Wohlrab, Jürgen},
    title = {Grundlagen der Informatik},
    year = {2012},
    address = {Hallbergmoos, Germandy},
    isbn = {9783868941111},
    publisher  =  {Pearson Deutschland GmbH},
}

@Book{fleischmann:2010,
    author = {Fleischmann, Albert and Schmidt, Werner and Stary, Christian and Obermeier,
		Stefan and Börger, Egon},
    title = {Subject-Oriented Business Process Management},
    year = {2010},
    publisher = {Springer Heidelberg New York Dordrecht London},
    isbn = {9783642323911}
}

@Article{bucher:2009,
    author = {Bucher, Tobias and Winter, Robert},
    title = {Geschäftsprozessmanagement - Einsatz, Weiterentwicklung und
        Anpassungsmöglichkeiten aus Methodiksicht},
    journal = {HMD Praxis der Wirtschaftsinformatik},
    year = {2009},
    month = {Apr},
    issn = {2198-2775},
    url = {http://dx.doi.org/10.1007/BF03340338}
}

@online{source-elixir:kernel,
    author = {Valim, Jose},
    title = {Github - elixir-lang/elixir},
    url = {https://github.com/elixir-lang/elixir/blob/master/lib/elixir/lib/kernel.ex},
    urldate = {2018-06-06}
}

@article{jones:2003,
    author = {Jones, Joel},
    year = {2003},
    publisher = {Department of Computer Science - University of Alabama},
    title = {Abstract Syntax Tree Implementation Idioms},
    url =
    {https://www.researchgate.net/publication/245153015_Abstract_Syntax_Tree_Implementation_Idioms},
}

@book{mccord:2015,
    author = {McCord, Chris},
    title = {Metaprogramming Elixir},
    year = {2015},
    url = {https://pragprog.com/book/cmelixir/metaprogramming-elixir},
    isbn = {9781680500417},
    publisher = {The Pragmatic Bookshelf},
}

@book{taylor,
    author = {Taylor, Frederick},
    year = {1911},
    publisher = {New York, London, Harper \amp Brothers},
    title = {The principles of scientific management},
}

@book{boerger:2003,
    author = {Börger, Egon and Stärk, Robert},
    year = {2003},
    isbn = {3-540-00702-4},
    publisher = {Springer-Verlag Berlin Heidelberg New York},
    title = {Abstract State Machines - A Method for High-Level System, Design and
        Analysis},
}

@inproceedings{boerger-fleischmann:2015,
    author = {Börger, Egon and Fleischmann, Albert},
    title = {Abstract State Machine Nets - Closing the Gap between Business
        Process Models and their Implementation},
    series = {S-BPM ONE '15 Proceedings of the 7th International Conference on
        Subject-Oriented Business Process Management},
    year = {2015},
    month = {April},
    location = {Kiel, Germany},
    publisher = {ACM, New York},
}

@inproceedings{hoever:2014,
    author = {Höver, Michael and MÜhlhäuser, Max},
    title = {S-BPM-Ont: An Ontology for Describing
        and Interchanging S-BPM Processes},
    year = {2014},
    series = {S-BPM ONE '14 Proceedings of the 6th International Conference on
        Subject-Oriented Business Process Management},
    location = {Eichstätt, Germany},
    publisher = {Springer International Publishing Switzerland},
}

@inproceedings{krauthausen:2012,
    author = {Clemens, Krauthausen},
    title = {Subject vs. Objects - A Top-Down Approach},
    year = {2012},
    series = {S-BPM ONE '12 Proceedings of the 4th International Conference on
        Subject-Oriented Business Process Management},
    location = {Vienna, Austria},
    publisher = {Springer-Verlag Berlind Heidelberg},
}

@online{wiki:fsm,
    title = {Finite-state machine},
    url =
    {https://en.wikipedia.org/wiki/Finite-state_machine#Mathematical_model},
    urldate = {2018-06-06}
}

@InProceedings{boerger:tutorial,
    author = {Börger, Egon},
    editor = {Gramlich, Bernhard},
    title = {The ASM Method for System Design and Analysis. A Tutorial
      Introduction},
    booktitle = {Frontiers of Combining Systems},
    year = {2005},
    publisher = {Springer Berlin Heidelberg},
    address = {Berlin, Heidelberg},
    pages = {264--283},
    abstract = {We introduce into and survey the ASM method for high-level system
      design and analysis. We explain the three notions---Abstract State Machine
      [37], ASM ground model (system blueprint) [7] and ASM refinement [8]---that
      characterize the method, which integrates also current validation and
        verification techniques. We illustrate how the method allows the system
        engineer to rigorously capture requirements by ASM ground models and to
        stepwise refine these to code in a validatable and verifiable way.},
    isbn = {978-3-540-31730-2},
}

@inproceedings{boerger:asmchar,
    author = {Börger, Egon},
    title = {The Abstract State Machines Method for High-Level System Design and
      Analysis},
    year = {2007},
    publisher = {Springer},
}

@ARTICLE{boerger:origins,
    author = {Börger, Egon},
    title = {The Origins and the Development of the ASM Method for High
      Level System Design and Analysis},
    journal = {Journal of Universal Computer Science},
    year = {2002},
    volume = {8},
    pages = {2002}
}

@book{boerger:java,
    author = {Stärk, Robert and Schmid, Joachim and Börger, Egon},
    title = {Java and the Java Virtual Machine - Definition, Verification,
      Validation},
    year = {2001},
    month = {May},
    publisher = {Sprigner Berling Heidelberg},
}

@book{pearson:automata,
    author = {Hopcraft, John and Motwani, Rajeev and Ullman, Jeffrey},
    title = {Einführung in Automatentheorie, Formale SPrachen und
      Berechenbarkeit},
    year = {2011},
    publisher = {Pearson Studium},
    isbn = {978-3-86894-082-4},
}

@book{principlesmc,
	author = {Baier, Christel and Katoen, Joost-Pieter},
    year = {2008},
    month = {April},
    title = {Principles of Model Checking},
    publisher = {MIT Press},
    address = {Cambridge Massachusetts, London England},
    isbn = {78-0-262-02649-9},
}

@online{wiki:modelchecking,
    title = {Model Checking},
    url =
    {https://de.wikipedia.org/wiki/Model_Checking},
    urldate = {2018-06-06}
} 

@Inproceedings{applied:boerger99,
    author = {Börger, Egon},
    title = {High Level System Design and Analysis Using Abstract State
      Machines},
    year = {1999},
    isbn = {978-3-540-66462-8},
    publisher = {Springer Berlin Heidelberg},
}

@Inproceedings{sbpmone:boerger2012,
    title = {The Subject-Oriented Approach to Software Design and the Abstract State Machines Method},
    author = {Börger, Egon},
    year = {2012},
    address = {Vienna, Austria},
    month = {April},
}

@Inproceedings{lerchner,
    author = {Lerchner, Harald and Stary, Christian},
    title = {An Open S-BPM Runtime Environment based on Abstract State
      Machines},
    year = {2014},
    address = {Geneva, Switzerland},
    month = {July}
}

@inproceedings{hoever,
    author = {Höver, Michael, Kai and  Mühlhäuser, Max},
	title = {S-BPM-Ont: An Ontology for Describing and Interchanging S-BPM Processes},
	year = {2014},
}

@article{ontmethod,
    author = {Noy, N.F. and McGuinness, D.L.},
	title = {Ontology Development 101: A Guide to Creating Your First Ontology},
	year = {2001},
}

@inproceedings{ontologies,
   author = {Elstermann, Matthes},
   title = {Proposal for Using Semantic Technologies As a Means to Store and Exchange Subject-Oriented Process Models},
   crossref = {sbpm17},
   pages = {3:1--3:9},
   url = {http://doi.acm.org/10.1145/3040565.3040573},
   keywords = {OWL, PASS, ontologies, subject-oriented process models},
}

@proceedings{sbpm17,
  title = {S-BPM ONE '17: Proceedings of the 9th Conference on Subject-oriented Business Process Management},
  booktitle = {S-BPM ONE '17: Proceedings of the 9th Conference on Subject-oriented Business Process Management},
  publisher = {ACM},
  year = {2017},
  month = {March},
  isbn = {978-1-4503-4862-1},
  location = {Darmstadt, Germany},
  address = {New York, NY, USA},
}

@inproceedings{gruber,
    author = {Gruber, Thomas R.},
	title = {A translation approach to portable ontology specifications},
	year = {1993},
	booktitle = {Knowledge Acquisition},
}

@inproceedings{opensbpm,
	author = {Lerchner, Harald},
	title = {Towards an Open, Curious S-BPM Community – Eliciting
Stakeholder Needs},
	year = {2015},
	crossref = {sbpm15},
}

@proceedings{sbpm15,
  title = {S-BPM ONE '15: Proceedings of the 7th Conference on Subject-oriented Business Process Management},
  booktitle = {S-BPM ONE '15: Proceedings of the 7th Conference on Subject-oriented Business Process Management},
  publisher = {ACM},
  year = {2015},
  month = {April},
  isbn = {978-1-4503-3312-2},
  location = {Kiel, Germany},
}

@article{alphabetsoup,
 author = {Mili, Hafedh and Tremblay, Guy and Jaoude, Guitta Bou and Lefebvre, \'{E}ric and Elabed, Lamia and Boussaidi, Ghizlane El},
 title = {Business Process Modeling Languages: Sorting Through the Alphabet Soup},
 journal = {ACM Comput. Surv.},
 year = {2010},
 issn = {0360-0300},
 pages = {4:1--4:56},
 url = {http://doi.acm.org/10.1145/1824795.1824799},
 doi = {10.1145/1824795.1824799},
 publisher = {ACM},
 address = {New York, NY, USA},
 keywords = {Process, business processes, process model reuse, process model verification, process modeling languages},
} 

@book{introducing:elixir,
  author = {St.Laurent, Simon and Eisenberg, David},
  title = {Introducing Elixir},
  year = {2017},
  publisher = {O'Reilly Media Inc.},
  address = {Sebastopol, California, USA},
  isbn = {9781491956779},
}

@book{introducing:erlang,
  author = {St.Laurent, Simon},
  title = {Introducing Erlang},
  year = {2017},
  publisher = {O'Reilly Media Inc.},
  address = {Sebastopol, California, USA},
  isbn = {9781491973370},
}

@book{pragprog:elixir,
  author = {Thomas, Dave},
  title = {Programming Elixir},
  year = {2016},
  isbn = {978-1-68050-200-8},
  publisher = {The Pragmatic Bookshelf},
}

@online{elixir-lang,
    author = {José, Valim and Morin, Steve},
    title = {Elixir Guides},
    url =
    {https://elixir-lang.org/getting-started/introduction.html},
    urldate = {2018-06-06}
}

@article{boerger:refinement,
  author = {Börger, Egon},
  journal = {Formal Aspects of Computing},
  title = {The ASM Refinement Method},
  year = {2003},
}

@article{yuri3,
  author = {Gurevich, Yuri},
  title = {Evolving Algebras},
  year = {1993},
}

@article{yuri2,
  author = {Gurevich, Yuri},
  title = {Sequential Abstract State Machines - Capture Sequential Algorithms},
  year = {2000},
}

@techreport{yuri,
  author = {Gurevich, Yuri},
  title = {A New Thesis},
  year = {1985},
  month = {August},
  abstract = {The first announcement of the "new thesis", latern known as the Abstract State Machine thesis.},
  url = {https://www.microsoft.com/en-us/research/publication/a-new-thesis/},
  journal = {Abstracts, American Mathematical Society},
  volume = {6/4},
}

@book{reisig,
  author = {Reisig, Wolfgang},
  title = {Abstract State Machines for the Classroom},
  publisher = {Humboldt-Universität zu Berlin, Mathematisch-Naturwissenschaftliche Fakultät II, Institut für Informatik},
  year = {2006},
  doi = {http://dx.doi.org/10.18452/2466}
}
